@article{speed2017reevaluation,
	title={Reevaluation of {SNP} heritability in complex human traits},
	author={Speed, Doug and Cai, Na and Johnson, Michael R and Nejentsev, Sergey and Balding, David J},
	journal={Nature Genetics},
	volume={49},
	number={7},
	pages={986--992},
	year={2017},
	publisher={Nature Publishing Group}
}

@article{speed2012improved,
	title={Improved heritability estimation from genome-wide {SNPs}},
	author={Speed, Doug and Hemani, Gibran and Johnson, Michael R and Balding, David J},
	journal={The American Journal of Human Genetics},
	volume={91},
	number={6},
	pages={1011--1021},
	year={2012},
	publisher={Elsevier}
}

@article{zhang2020improved,
	title={Improved genetic prediction of complex traits from individual-level data or summary statistics},
	author={Zhang, Qianqian and Priv{\'e}, Florian and Vilhjalmsson, Bjarni J and Speed, Doug},
	journal={bioRxiv},
	year={2020},
	publisher={Cold Spring Harbor Laboratory}
}

@article{bulik2015ld,
	title={{LD} Score regression distinguishes confounding from polygenicity in genome-wide association studies},
	author={Bulik-Sullivan, Brendan K and Loh, Po-Ru and Finucane, Hilary K and Ripke, Stephan and Yang, Jian and Patterson, Nick and Daly, Mark J and Price, Alkes L and Neale, Benjamin M and Schizophrenia Working Group of the Psychiatric Genomics Consortium and others},
	journal={Nature Genetics},
	volume={47},
	number={3},
	pages={291},
	year={2015},
	publisher={Nature Publishing Group}
}

@article{zeng2017biglasso,
	title={The biglasso package: A memory- and computation-efficient solver for lasso model fitting with big data in {R}},
	author={Zeng, Yaohui and Breheny, Patrick},
	journal={arXiv preprint arXiv:1701.05936},
	year={2017}
}

@article{yang2011gcta,
	title={{GCTA}: a tool for genome-wide complex trait analysis},
	author={Yang, Jian and Lee, S Hong and Goddard, Michael E and Visscher, Peter M},
	journal={The American Journal of Human Genetics},
	volume={88},
	number={1},
	pages={76--82},
	year={2011},
	publisher={Elsevier}
}

@article{tibshirani2012strong,
	title={Strong rules for discarding predictors in lasso-type problems},
	author={Tibshirani, Robert and Bien, Jacob and Friedman, Jerome and Hastie, Trevor and Simon, Noah and Taylor, Jonathan and Tibshirani, Ryan J},
	journal={Journal of the Royal Statistical Society: Series B (Statistical Methodology)},
	volume={74},
	number={2},
	pages={245--266},
	year={2012},
	publisher={Wiley Online Library}
}

@article{qian2020fast,
	author = {Qian, Junyang AND Tanigawa, Yosuke AND Du, Wenfei AND Aguirre, Matthew AND Chang, Chris AND Tibshirani, Robert AND Rivas, Manuel A. AND Hastie, Trevor},
	journal = {PLOS Genetics},
	publisher = {Public Library of Science},
	title = {A fast and scalable framework for large-scale and ultrahigh-dimensional sparse regression with application to the {UK Biobank}},
	year = {2020},
	month = {10},
	volume = {16},
	url = {https://doi.org/10.1371/journal.pgen.1009141},
	pages = {1-31},
	number = {10},
	doi = {10.1371/journal.pgen.1009141}
}

@article{tibshirani1996regression,
	title={Regression shrinkage and selection via the lasso},
	author={Tibshirani, Robert},
	journal={Journal of the Royal Statistical Society: Series B (Methodological)},
	volume={58},
	number={1},
	pages={267--288},
	year={1996},
	publisher={Wiley Online Library}
}

@article{friedman2010regularization,
	title={Regularization paths for generalized linear models via coordinate descent},
	author={Friedman, Jerome and Hastie, Trevor and Tibshirani, Rob},
	journal={Journal of statistical software},
	volume={33},
	number={1},
	pages={1},
	year={2010},
	publisher={NIH Public Access}
}

@article{bycroft2018uk,
	title={The {UK} Biobank resource with deep phenotyping and genomic data},
	author={Bycroft, Clare and Freeman, Colin and Petkova, Desislava and Band, Gavin and Elliott, Lloyd T and Sharp, Kevin and Motyer, Allan and Vukcevic, Damjan and Delaneau, Olivier and O'Connell, Jared and others},
	journal={Nature},
	volume={562},
	number={7726},
	pages={203--209},
	year={2018},
	publisher={Nature Publishing Group}
}

@article{lello2018accurate,
	title={Accurate genomic prediction of human height},
	author={Lello, Louis and Avery, Steven G and Tellier, Laurent and Vazquez, Ana I and de los Campos, Gustavo and Hsu, Stephen DH},
	journal={Genetics},
	volume={210},
	number={2},
	pages={477--497},
	year={2018},
	publisher={Genetics Soc America}
}

@article{prive2018efficient,
	title={Efficient analysis of large-scale genome-wide data with two {R} packages: bigstatsr and bigsnpr},
	author={Priv{\'e}, Florian and Aschard, Hugues and Ziyatdinov, Andrey and Blum, Michael GB},
	journal={Bioinformatics},
	volume={34},
	number={16},
	pages={2781--2787},
	year={2018},
	publisher={Oxford University Press}
}

@article{prive2019efficient,
	title={Efficient implementation of penalized regression for genetic risk prediction},
	author={Priv{\'e}, Florian and Aschard, Hugues and Blum, Michael GB},
	journal={Genetics},
	volume={212},
	number={1},
	pages={65--74},
	year={2019},
	publisher={Genetics Soc America}
}
