@article{purcell2009common,
  title={Common polygenic variation contributes to risk of schizophrenia and bipolar disorder},
  author={Purcell, Shaun M and Wray, Naomi R and Stone, Jennifer L and Visscher, Peter M and O'donovan, Michael C and Sullivan, Patrick F and Sklar, Pamela and Ruderfer, Douglas M and McQuillin, Andrew and Morris, Derek W and others},
  journal={Nature},
  volume={460},
  number={7256},
  pages={748--752},
  year={2009},
  publisher={Nature Publishing Group}
}

@article{janssens2007impact,
  title={The impact of genotype frequencies on the clinical validity of genomic profiling for predicting common chronic diseases},
  author={Janssens, A Cecile JW and Moonesinghe, Ramal and Yang, Quahne and Steyerberg, Ewout W and van Duijn, Cornelia M and Khoury, Muin J},
  journal={Genetics in Medicine},
  volume={9},
  number={8},
  pages={528--535},
  year={2007},
  publisher={Nature Publishing Group}
}

@article{yang2010common,
  title={Common SNPs explain a large proportion of the heritability for human height},
  author={Yang, Jian and Benyamin, Beben and McEvoy, Brian P and Gordon, Scott and Henders, Anjali K and Nyholt, Dale R and Madden, Pamela A and Heath, Andrew C and Martin, Nicholas G and Montgomery, Grant W and others},
  journal={Nature genetics},
  volume={42},
  number={7},
  pages={565--569},
  year={2010},
  publisher={Nature Research}
}

@article{lello2017accurate,
  title={Accurate Genomic Prediction Of Human Height},
  author={Lello, Louis and Avery, Steven G and Tellier, Laurent and Vazquez, Ana and Campos, Gustavo de los and Hsu, Stephen DH},
  journal={arXiv preprint arXiv:1709.06489},
  year={2017}
}

@article{evans2009harnessing,
  title={Harnessing the information contained within genome-wide association studies to improve individual prediction of complex disease risk},
  author={Evans, David M and Visscher, Peter M and Wray, Naomi R},
  journal={Human molecular genetics},
  volume={18},
  number={18},
  pages={3525--3531},
  year={2009},
  publisher={Oxford University Press}
}

@article{chatterjee2013projecting,
  title={Projecting the performance of risk prediction based on polygenic analyses of genome-wide association studies},
  author={Chatterjee, Nilanjan and Wheeler, Bill and Sampson, Joshua and Hartge, Patricia and Chanock, Stephen J and Park, Ju-Hyun},
  journal={Nature genetics},
  volume={45},
  number={4},
  pages={400--405},
  year={2013},
  publisher={Nature Research}
}

@article{dudbridge2013power,
  title={Power and predictive accuracy of polygenic risk scores},
  author={Dudbridge, Frank},
  journal={PLoS genetics},
  volume={9},
  number={3},
  pages={e1003348},
  year={2013},
  publisher={Public Library of Science}
}

@article{schizophrenia2014biological,
  title={Biological insights from 108 schizophrenia-associated genetic loci},
  author={{\relax Schizophrenia Working Group of the Psychiatric Genomics Consortium}},
  journal={Nature},
  volume={511},
  number={7510},
  pages={421--427},
  year={2014},
  publisher={Nature Research}
}


@article{abraham2013performance,
  title={Performance and robustness of penalized and unpenalized methods for genetic prediction of complex human disease},
  author={Abraham, Gad and Kowalczyk, Adam and Zobel, Justin and Inouye, Michael},
  journal={Genetic Epidemiology},
  volume={37},
  number={2},
  pages={184--195},
  year={2013},
  publisher={Wiley Online Library}
}

@article{speed2014multiblup,
  title={MultiBLUP: improved SNP-based prediction for complex traits},
  author={Speed, Doug and Balding, David J},
  journal={Genome research},
  volume={24},
  number={9},
  pages={1550--1557},
  year={2014},
  publisher={Cold Spring Harbor Lab}
}

@article{zhou2013polygenic,
  title={Polygenic modeling with Bayesian sparse linear mixed models},
  author={Zhou, Xiang and Carbonetto, Peter and Stephens, Matthew},
  journal={PLoS genetics},
  volume={9},
  number={2},
  pages={e1003264},
  year={2013},
  publisher={Public Library of Science}
}

@article{golan2014effective,
  title={Effective genetic-risk prediction using mixed models},
  author={Golan, David and Rosset, Saharon},
  journal={The American Journal of Human Genetics},
  volume={95},
  number={4},
  pages={383--393},
  year={2014},
  publisher={Elsevier}
}

@article{maier2015joint,
  title={Joint analysis of psychiatric disorders increases accuracy of risk prediction for schizophrenia, bipolar disorder, and major depressive disorder},
  author={Maier, Robert and Moser, Gerhard and Chen, Guo-Bo and Ripke, Stephan and Absher, Devin and Agartz, Ingrid and Akil, Huda and Amin, Farooq and Andreassen, Ole A and Anjorin, Adebayo and others},
  journal={The American Journal of Human Genetics},
  volume={96},
  number={2},
  pages={283--294},
  year={2015},
  publisher={Elsevier}
}

@article{abraham2012sparsnp,
  title={SparSNP: Fast and memory-efficient analysis of all SNPs for phenotype prediction},
  author={Abraham, Gad and Kowalczyk, Adam and Zobel, Justin and Inouye, Michael},
  journal={BMC bioinformatics},
  volume={13},
  number={1},
  pages={88},
  year={2012},
  publisher={BioMed Central}
}

@article{abraham2014accurate,
  title={Accurate and robust genomic prediction of celiac disease using statistical learning},
  author={Abraham, Gad and Tye-Din, Jason A and Bhalala, Oneil G and Kowalczyk, Adam and Zobel, Justin and Inouye, Michael},
  journal={PLoS genetics},
  volume={10},
  number={2},
  pages={e1004137},
  year={2014},
  publisher={Public Library of Science}
}

@article{dubois2010multiple,
  title={Multiple common variants for celiac disease influencing immune gene expression},
  author={Dubois, Patrick CA and Trynka, Gosia and Franke, Lude and Hunt, Karen A and Romanos, Jihane and Curtotti, Alessandra and Zhernakova, Alexandra and Heap, Graham AR and {\'A}d{\'a}ny, R{\'o}za and Aromaa, Arpo and others},
  journal={Nature genetics},
  volume={42},
  number={4},
  pages={295--302},
  year={2010},
  publisher={Nature Research}
}

@article{friedman2010regularization,
  title={Regularization paths for generalized linear models via coordinate descent},
  author={Friedman, Jerome and Hastie, Trevor and Tibshirani, Rob},
  journal={Journal of statistical software},
  volume={33},
  number={1},
  pages={1},
  year={2010},
  publisher={NIH Public Access}
}

@article{tibshirani2012strong,
  title={Strong rules for discarding predictors in lasso-type problems},
  author={Tibshirani, Robert and Bien, Jacob and Friedman, Jerome and Hastie, Trevor and Simon, Noah and Taylor, Jonathan and Tibshirani, Ryan J},
  journal={Journal of the Royal Statistical Society: Series B (Statistical Methodology)},
  volume={74},
  number={2},
  pages={245--266},
  year={2012},
  publisher={Wiley Online Library}
}

@article{zeng2017efficient,
  title={Efficient Feature Screening for Lasso-Type Problems via Hybrid Safe-Strong Rules},
  author={Zeng, Yaohui and Breheny, Patrick and Yang, Tianbao},
  journal={arXiv preprint arXiv:1704.08742},
  year={2017}
}

@article{hoerl1970ridge,
  title={Ridge regression: Biased estimation for nonorthogonal problems},
  author={Hoerl, Arthur E and Kennard, Robert W},
  journal={Technometrics},
  volume={12},
  number={1},
  pages={55--67},
  year={1970},
  publisher={Taylor \& Francis Group}
}

@article{tibshirani1996regression,
  title={Regression shrinkage and selection via the lasso},
  author={Tibshirani, Robert},
  journal={Journal of the Royal Statistical Society. Series B (Methodological)},
  pages={267--288},
  year={1996},
  publisher={JSTOR}
}

@article{zou2005regularization,
  title={Regularization and variable selection via the elastic net},
  author={Zou, Hui and Hastie, Trevor},
  journal={Journal of the Royal Statistical Society: Series B (Statistical Methodology)},
  volume={67},
  number={2},
  pages={301--320},
  year={2005},
  publisher={Wiley Online Library}
}

@article{holliday2012predicting,
  title={Predicting adaptive phenotypes from multilocus genotypes in Sitka spruce (Picea sitchensis) using random forest},
  author={Holliday, Jason A and Wang, Tongli and Aitken, Sally},
  journal={G3: Genes, Genomes, Genetics},
  volume={2},
  number={9},
  pages={1085--1093},
  year={2012},
  publisher={G3: Genes, Genomes, Genetics}
}

@article{botta2014exploiting,
  title={Exploiting SNP correlations within random forest for genome-wide association studies},
  author={Botta, Vincent and Louppe, Gilles and Geurts, Pierre and Wehenkel, Louis},
  journal={PloS one},
  volume={9},
  number={4},
  pages={e93379},
  year={2014},
  publisher={Public Library of Science}
}

@article{prive2017efficient,
  title={Efficient management and analysis of large-scale genome-wide data with two R packages: bigstatsr and bigsnpr},
  author={Priv\'e, Florian and Aschard, Hugues and Blum, Michael GB},
  journal={bioRxiv},
  pages={190926},
  year={2017},
  publisher={Cold Spring Harbor Laboratory}
}

@phdthesis{botta2013walk,
  title={A walk into random forests: adaptation and application to Genome-Wide Association Studies},
  author={Botta, Vincent},
  year={2013},
  school={Universit{\'e} de Li{\`e}ge, Li{\`e}ge, Belgique}
}


